@book{gpbook,
author = {Rasmussen, Carl Edward and Williams, Christopher K. I.},
title = {Gaussian Processes for Machine Learning (Adaptive Computation and Machine Learning)},
year = {2005},
isbn = {026218253X},
publisher = {The MIT Press}
}

@article{ntk,
  author    = {Arthur Jacot and
               Franck Gabriel and
               Cl{\'{e}}ment Hongler},
  title     = {Neural Tangent Kernel: Convergence and Generalization in Neural Networks},
  journal   = {CoRR},
  volume    = {abs/1806.07572},
  year      = {2018},
  url       = {http://arxiv.org/abs/1806.07572},
  archivePrefix = {arXiv},
  eprint    = {1806.07572},
  timestamp = {Mon, 13 Aug 2018 16:46:13 +0200},
  biburl    = {https://dblp.org/rec/journals/corr/abs-1806-07572.bib},
  bibsource = {dblp computer science bibliography, https://dblp.org}
}

@article{visualgp,
  author = {G{\"{o}}rtler, Jochen and Kehlbeck, Rebecca and Deussen, Oliver},
  title = {A Visual Exploration of Gaussian Processes},
  journal = {Distill},
  year = 2019,
  note = {https://distill.pub/2019/visual-exploration-gaussian-processes},
  doi = {10.23915/distill.00017}
}

@article{lecun2010mnist,
  title={MNIST handwritten digit database},
  author={LeCun, Yann and Cortes, Corinna and Burges, CJ},
  journal={ATT Labs [Online]. Available: http://yann.lecun.com/exdb/mnist},
  volume={2},
  year={2010}
}